% Encoding: UTF-8

@Article{EuroCommerce,
  author  = {Isabela Fàvero and Ludovica Quaglieri and Sara Lone and Shaun Packiaraja},
  journal = {EuroCommerce},
  title   = {The European Ecommerce Report 2018: relevant findings outlined},
  year    = {2018},
  comment = {https://www.eurocommerce.eu/media/159952/2018.07.02%20-%20Ecommerce%20report_annex.pdf},
  groups  = {Fabian},
}

@Article{Haendlerbund,
  author  = {Sara Lone and Adlen Khelladi and Shaun Packiarajah},
  journal = {Händlerbund},
  title   = {European Ecommerce Report 2018 Edition},
  year    = {2018},
  comment = {https://www.haendlerbund.de/de/downloads/ecommerce-europe/european-ecommerce-report-2018.pdf},
  groups  = {Fabian},
}

@Book{Graf,
  author    = {Alexander Graf and Holger Schneider},
  publisher = {Deutscher Fachverlag GmbH, Frankfurt am Main},
  title     = {Das E-Commerce-Buch: Marktanalysen - Geschäftsmodelle - Strategien, 3. Auflage},
  year      = {2019},
  comment   = {https://books.google.de/books?hl=de&lr=&id=PjbADwAAQBAJ&oi=fnd&pg=PT7&dq=anf%C3%A4nge+strategie+amazon&ots=GUUyErPvvg&sig=0r5GryhIkwdcp_13csAqhuQ0yRg#v=onepage&q=anf%C3%A4nge%20strategie%20amazon&f=false

anfänge amazon},
  groups    = {Fabian},
}

@Article{Rosoff,
  author  = {Matt Rosoff},
  journal = {BusinessInsider},
  title   = {One simple chart that shows Amazon's relentless focus on long-term growth},
  year    = {2016},
  comment = {https://www.businessinsider.com/amazon-revenue-vs-profit-2016-1?r=DE&IR=T},
  groups  = {Fabian},
}

@Article{ChannelAdvisor,
  author  = {Unbekannt},
  journal = {ChannelAdvisor},
  title   = {From Bookstore to Superstore: The Evolution of Amazon},
  year    = {2018},
  comment = {https://www.channeladvisor.com/blog/industry-trends/from-bookstore-to-superstore-the-evolution-of-amazon-com/},
  groups  = {Fabian},
}

@Article{Sherman,
  author  = {Lydia DePillis and Ivory Sherman},
  journal = {CNN Business},
  title   = {Amazon's extraordinary 25-year evolution},
  year    = {2019},
  comment = {https://edition.cnn.com/interactive/2018/10/business/amazon-history-timeline/index.html},
  groups  = {Fabian},
}

@Article{Desjardins,
  author  = {Jeff Desjardins},
  journal = {Visual Capitalist},
  title   = {Breaking Down How Amazon Makes Money},
  year    = {2017},
  comment = {https://www.visualcapitalist.com/breaking-amazon-makes-money/},
  groups  = {Fabian},
}

@Article{Apicella,
  author  = {Sabrina Apicella},
  title   = {Amazon in Leipzig: von den Gründen, (nicht) zu streiken. Rosa-Luxemburg-Stiftung},
  year    = {2016},
  comment = {https://www.rosalux.de/fileadmin/rls_uploads/pdfs/Studien/Studien_09-16_Amazon_Leipzig.pdf},
  groups  = {Fabian},
  school  = {Rosa-Luxemburg-Stiftung},
}

@InCollection{Schaefers,
  author    = {Björn Schäfers},
  booktitle = {Web-Exzellenz im E-Commerce},
  publisher = {Gerrit Heinemann ; Andreas Haug (Hg.). Gabler},
  title     = {Social Shopping für Mode, Wohnen und Lifestyle am Beispiel Smatch.com},
  year      = {2010},
  comment   = {Abbildung Graf

https://link.springer.com/chapter/10.1007/978-3-8349-8816-4_17
in
https://books.google.de/books?hl=de&lr=&id=PjbADwAAQBAJ&oi=fnd&pg=PT7&dq=anf%C3%A4nge+strategie+amazon&ots=GUUyErPvvg&sig=0r5GryhIkwdcp_13csAqhuQ0yRg#v=onepage&q=anf%C3%A4nge%20strategie%20amazon&f=false},
  groups    = {Fabian, Fabian - Unbenutzt},
}

@Article{Ausgeliefert,
  author  = {Diana Löbl and Peter Onneken},
  journal = {ARD},
  title   = {Ausgeliefert! Leiharbeiter bei Amazon},
  year    = {2013},
  groups  = {Fabian},
}

@Comment{jabref-meta: databaseType:bibtex;}

@Comment{jabref-meta: grouping:
0 AllEntriesGroup:;
1 StaticGroup:Fabian\;0\;0\;0x8099ffff\;\;Quellen von Fabian\;;
1 StaticGroup:Fabian - Unbenutzt\;0\;1\;0x001a80ff\;\;\;;
1 StaticGroup:Chris\;0\;1\;0x80b380ff\;\;Quellen von Chris\;;
1 StaticGroup:Toni\;0\;1\;0xff8080ff\;\;Quellen von Toni\;;
}
